<?xml version="1.0" encoding="UTF-8"?><record xmlns="http://www.loc.gov/MARC21/slim" xmlns:cinclude="http://apache.org/cocoon/include/1.0" xmlns:zs="http://www.loc.gov/zing/srw/">
  <leader>00470nz  a2200133n  4500</leader>
  <controlfield tag="001">no 93032713 </controlfield>
  <controlfield tag="003">DLC</controlfield>
  <controlfield tag="005">19931227103421.2</controlfield>
  <controlfield tag="008">931101n| acannaab|          |n aaa     c</controlfield>
  <datafield tag="010" ind1=" " ind2=" ">
    <subfield code="a">no 93032713 </subfield>
  </datafield>
  <datafield tag="040" ind1=" " ind2=" ">
    <subfield code="a">PPPrHi</subfield>
    <subfield code="c">PPPrHi</subfield>
  </datafield>
  <datafield tag="100" ind1="1" ind2="0">
    <subfield code="a">Jenkins, J. E.,</subfield>
    <subfield code="d">1825-1902</subfield>
  </datafield>
  <datafield tag="670" ind1=" " ind2=" ">
    <subfield code="a">Cumberland Presbyterianism in southern Indiana, 1876:</subfield>
    <subfield code="b">t.p. (Rev. J.E. Jenkins)</subfield>
  </datafield>
  <datafield tag="670" ind1=" " ind2=" ">
    <subfield code="a">PPPrHi files</subfield>
    <subfield code="b">(Rev. J.E. Jenkins; Cumberland Presbyterian clergyman in Princeton, Ind.; b. 1825; d. 1902)</subfield>
  </datafield>
</record>